<?xml version="1.0" encoding="UTF-8"?><collection xmlns="http://www.loc.gov/MARC21/slim"><record><leader>00637nam--2200205-u-4500</leader><controlfield tag="001">000056733</controlfield><controlfield tag="002">20170216</controlfield><controlfield tag="005">20170216121012</controlfield><controlfield tag="008">170216s1000------------r-----000-0-eng-d</controlfield><datafield ind1=" " ind2=" " tag="020"><subfield code="a">0878190325</subfield></datafield><datafield ind1=" " ind2=" " tag="040"><subfield code="a">IFIN-HH</subfield></datafield><datafield ind1=" " ind2=" " tag="041"><subfield code="a">eng</subfield></datafield><datafield ind1=" " ind2=" " tag="080"><subfield code="a">541.12.03(083) ; 547(083)</subfield></datafield><datafield ind1="1" ind2=" " tag="100"><subfield code="a">Grasselli G. Janette</subfield></datafield><datafield ind1="1" ind2="0" tag="245"><subfield code="a">CRC Atlas of Spectral Data and Physical Constants for Organic Compounds</subfield><subfield code="b">Janette G Grasselli</subfield></datafield><datafield ind1=" " ind2=" " tag="260"><subfield code="a">Cleveland</subfield><subfield code="b">Research and Engineering Dept. Cleveland</subfield><subfield code="c">1973</subfield></datafield><datafield ind1=" " ind2=" " tag="300"><subfield code="a">557p</subfield></datafield><datafield ind1=" " ind2=" " tag="490"><subfield code="a">Ohio, Research and Engineering Dept. Cleveland</subfield></datafield><datafield ind1=" " ind2=" " tag="852"><subfield code="a">41859</subfield><subfield code="b">541.12.03</subfield></datafield><datafield ind1=" " ind2=" " tag="CAT"><subfield code="a">SYS</subfield><subfield code="c">20170216</subfield><subfield code="h">121012</subfield></datafield></record></collection>